<collection xmlns="http://www.loc.gov/MARC21/slim">
<record>
  <leader>01460nam0a2200277 i 450 </leader>
  <controlfield tag="001">IT\ICCU\CNCE\014485</controlfield>
  <controlfield tag="005">20160505000000.0</controlfield>
  <datafield tag="012" ind1=" " ind2=" ">
    <subfield code="a">lala ijia oao- saha (C) 1545 (Q)</subfield>
    <subfield code="2">fei</subfield>
  </datafield>
  <datafield tag="100" ind1=" " ind2=" ">
    <subfield code="a">19970101f1545        0itac0103    ba</subfield>
  </datafield>
  <datafield tag="101" ind1=" " ind2=" ">
    <subfield code="a">ITA</subfield>
  </datafield>
  <datafield tag="102" ind1=" " ind2=" ">
    <subfield code="a">CH</subfield>
  </datafield>
  <datafield tag="200" ind1="1" ind2=" ">
    <subfield code="a">Pasquino in estasi nuouo, e molto pi ̮pieno, ch&apos;el primo, in sieme c&apos;ol viaggio de l&apos;inferno. Aggiunte le propositioni del medesimo da disputare nel Concilio di Trento</subfield>
  </datafield>
  <datafield tag="210" ind1=" " ind2=" ">
    <subfield code="a">A Roma</subfield>
    <subfield code="c">nella botega di Pasquino a l&apos;instanza di papa Paulo Farnese</subfield>
    <subfield code="d">\circa 1545!</subfield>
  </datafield>
  <datafield tag="215" ind1=" " ind2=" ">
    <subfield code="a">\136! c.</subfield>
    <subfield code="d">8ʻ</subfield>
  </datafield>
  <datafield tag="300" ind1=" " ind2=" ">
    <subfield code="a">Stampato a Basel da Robert Winter cfr: Verzeichnis der im deutschen Sprachbereick erschienenen Drucke des XVI. Jahrhunderts. Cfr.:&lt;A HREF=&quot;http://gateway-bayern.de/VD16+ZV+4208 &quot; TARGET = &quot;_blank&quot;&gt;VD16 ZV 4208&lt;/A&gt;</subfield>
  </datafield>
  <datafield tag="620" ind1=" " ind2=" ">
    <subfield code="a">IT</subfield>
    <subfield code="d">Roma</subfield>
  </datafield>
  <datafield tag="700" ind1=" " ind2="1">
    <subfield code="a">Curione,</subfield>
    <subfield code="b">Celio Secondo</subfield>
    <subfield code="3">IT\ICCU\CNCA\003695</subfield>
  </datafield>
  <datafield tag="712" ind1="0" ind2="2">
    <subfield code="a">℗Nella bottega di ℗Pasquino</subfield>
    <subfield code="3">IT\ICCU\CNCT\001634</subfield>
    <subfield code="4">650</subfield>
  </datafield>
  <datafield tag="712" ind1="0" ind2="0">
    <subfield code="a">Winter, Robert</subfield>
    <subfield code="3">IT\ICCU\CNCT\006503</subfield>
    <subfield code="4">650</subfield>
  </datafield>
  <datafield tag="790" ind1=" " ind2="0">
    <subfield code="a">Celio</subfield>
    <subfield code="c"> : da#Torino</subfield>
    <subfield code="3">IT\ICCU\CNCA\013125</subfield>
    <subfield code="z">Curione, Celio Secondo</subfield>
  </datafield>
  <datafield tag="790" ind1=" " ind2="1">
    <subfield code="a">Curio,</subfield>
    <subfield code="b">Celius Secundus</subfield>
    <subfield code="3">IT\ICCU\CNCA\013901</subfield>
    <subfield code="z">Curione, Celio Secondo</subfield>
  </datafield>
  <datafield tag="791" ind1="0" ind2="0">
    <subfield code="a">Winther, Robert</subfield>
    <subfield code="3">IT\ICCU\CNCT\006504</subfield>
    <subfield code="z">Winter, Robert</subfield>
  </datafield>
  <datafield tag="801" ind1=" " ind2="3">
    <subfield code="a">IT</subfield>
    <subfield code="b">ICCU</subfield>
    <subfield code="c">20201114</subfield>
  </datafield>
  <datafield tag="899" ind1=" " ind2=" ">
    <subfield code="a">Biblioteca nazionale centrale. Firenze</subfield>
    <subfield code="1">FI0098</subfield>
    <subfield code="2">CFI CF</subfield>
  </datafield>
  <datafield tag="899" ind1=" " ind2=" ">
    <subfield code="a">Biblioteca Estense Universitaria. Modena</subfield>
    <subfield code="1">MO0089</subfield>
    <subfield code="2">MOD BE</subfield>
  </datafield>
  <datafield tag="899" ind1=" " ind2=" ">
    <subfield code="a">Biblioteca Reale. Torino</subfield>
    <subfield code="1">TO0263</subfield>
    <subfield code="2">TO0 07</subfield>
  </datafield>
</record>
</collection>
